@misc{misc_heart_disease_45,
  author       = {Janosi,Andras, Steinbrunn,William, Pfisterer,Matthias, and Detrano,Robert},
  title        = {{Heart Disease}},
  year         = {1988},
  howpublished = {UCI Machine Learning Repository},
  note         = {{DOI}: https://doi.org/10.24432/C52P4X}
}


@INPROCEEDINGS{9362842,
  author={Sharma, Vijeta and Yadav, Shrinkhala and Gupta, Manjari},
  booktitle={2020 2nd International Conference on Advances in Computing, Communication Control and Networking (ICACCCN)}, 
  title={Heart Disease Prediction using Machine Learning Techniques}, 
  year={2020},
  volume={},
  number={},
  pages={177-181},
  keywords={Heart;Support vector machines;Machine learning algorithms;Training data;Decision trees;Random forests;Diseases;Heart Disease;Machine Learning;Artificial Neural Network;Support Vector Machine;Classification},
  doi={10.1109/ICACCCN51052.2020.9362842}}


